<?xml version="1.0" encoding="UTF-8"?><record xmlns="http://www.loc.gov/MARC21/slim" xmlns:cinclude="http://apache.org/cocoon/include/1.0" xmlns:zs="http://www.loc.gov/zing/srw/">
  <leader>00529cz  a2200145n  4500</leader>
  <controlfield tag="001">no2004071351</controlfield>
  <controlfield tag="003">DLC</controlfield>
  <controlfield tag="005">20130111075920.0</controlfield>
  <controlfield tag="008">040727n| azannaabn          |n aaa     c</controlfield>
  <datafield tag="010" ind1=" " ind2=" ">
    <subfield code="a">no2004071351</subfield>
  </datafield>
  <datafield tag="035" ind1=" " ind2=" ">
    <subfield code="a">(OCoLC)oca06402956</subfield>
  </datafield>
  <datafield tag="040" ind1=" " ind2=" ">
    <subfield code="a">TnLvILS</subfield>
    <subfield code="b">eng</subfield>
    <subfield code="e">rda</subfield>
    <subfield code="c">TnLvILS</subfield>
    <subfield code="d">UPB</subfield>
    <subfield code="d">DLC</subfield>
  </datafield>
  <datafield tag="053" ind1=" " ind2="0">
    <subfield code="a">PS3618.A477</subfield>
  </datafield>
  <datafield tag="100" ind1="1" ind2=" ">
    <subfield code="a">Ramsay, Frederick</subfield>
  </datafield>
  <datafield tag="670" ind1=" " ind2=" ">
    <subfield code="a">His Artscape, 2004:</subfield>
    <subfield code="b">t.p. (Frederick Ramsay) back flap (b. in Baltimore, Md., received his doctorate from the University of Illinois, Westside Medical Campus; lives in Surprise, Ariz.)</subfield>
  </datafield>
</record>